@inproceedings{langley00,
 author    = {P. Langley},
 title     = {Crafting Papers on Machine Learning},
 year      = {2000},
 pages     = {1207--1216},
 editor    = {Pat Langley},
 booktitle     = {Proceedings of the 17th International Conference
              on Machine Learning (ICML 2000)},
 address   = {Stanford, CA},
 publisher = {Morgan Kaufmann}
}

@TechReport{mitchell80,
  author = 	 "T. M. Mitchell",
  title = 	 "The Need for Biases in Learning Generalizations",
  institution =  "Computer Science Department, Rutgers University",
  year = 	 "1980",
  address =	 "New Brunswick, MA",
}

@phdthesis{kearns89,
  author = {M. J. Kearns},
  title =  {Computational Complexity of Machine Learning},
  school = {Department of Computer Science, Harvard University},
  year =   {1989}
}

@Book{MachineLearningI,
  editor = 	 "R. S. Michalski and J. G. Carbonell and T.
		  M. Mitchell",
  title = 	 "Machine Learning: An Artificial Intelligence
		  Approach, Vol. I",
  publisher = 	 "Tioga",
  year = 	 "1983",
  address =	 "Palo Alto, CA"
}

@Book{DudaHart2nd,
  author =       "R. O. Duda and P. E. Hart and D. G. Stork",
  title =        "Pattern Classification",
  publisher =    "John Wiley and Sons",
  edition =      "2nd",
  year =         "2000"
}

@misc{anonymous,
  title= {Suppressed for Anonymity},
  author= {Author, N. N.},
  year= {2011},
}

@InCollection{Newell81,
  author =       "A. Newell and P. S. Rosenbloom",
  title =        "Mechanisms of Skill Acquisition and the Law of
                  Practice", 
  booktitle =    "Cognitive Skills and Their Acquisition",
  pages =        "1--51",
  publisher =    "Lawrence Erlbaum Associates, Inc.",
  year =         "1981",
  editor =       "J. R. Anderson",
  chapter =      "1",
  address =      "Hillsdale, NJ"
}


@Article{Samuel59,
  author = 	 "A. L. Samuel",
  title = 	 "Some Studies in Machine Learning Using the Game of
		  Checkers",
  journal =	 "IBM Journal of Research and Development",
  year =	 "1959",
  volume =	 "3",
  number =	 "3",
  pages =	 "211--229"
}

@article{loshchilov2018fixing,
  title = {Fixing weight decay regularization in {Adam}},
  author = {Loshchilov, Ilya and Hutter, Frank},
  journal={arXiv preprint arXiv:1711.05101},
  year={2017},
  url = {https://arxiv.org/abs/1711.05101}
}

@article{WHO,
    title = {Blindness and Vision Impairment},
    author = {WHO},
    year = {2018},
    url = {www.who.int/news-room/fact-sheets/detail/blindness-and-visual-impairment.}
}
@article{Home,
    title = {WeWALK Smart Cane},
    author = {WeWALK},
    url = {wewalk.io/en/} 
}
@article{HORUSTECHNOLOGY,
    title = {Italian Innovation Day},
    author = {HorusTechnology},
    url = {italianinnovationday.weebly.com/horus-technology.html. Accessed 22 Jan. 2021.} 
}
@article{StuffMadeHere,
    title = {See in Complete Darkness with Touch.},
    author = {StuffMadeHere},
    url = {www.youtube.com/watch?app=desktop&v=8Au47gnXs0w. Accessed 22 Jan. 2021.} 
}
@article{SmithsonianMagazine,
    title = {This Smart Cane Helps Blind People Navigate.},
    author = {Emily},
    url = {www.smithsonianmag.com/innovation/smart-cane-helps-blind-people-navigate-180973279/. Accessed 22 Jan. 2021} 
}
@article{dosSantos,
    title = {Are Electronic White Canes Better than Traditional Canes? A Comparative Study with Blind and Blindfolded Participants.},
    author = {Aline},
    url = {Universal Access in the Information Society, 17 Feb. 2020, 10.1007/s10209-020-00712-z. Accessed 22 Jan. 2021.} 
}
@article{WHYY,
    title = {Why Is Creating Electronic Canes for the Blind so Hard?},
    author = {WHYY},
    url = {whyy.org/segments/why-is-creating-electronic-canes-for-the-blind-so-hard/. Accessed 22 Jan. 2021.} 
}

@article{Agilemanifesto,
    title = {Principles behind the Agile Manifesto.},
    year = {2019},
    url = {agilemanifesto.org/principles.html.} 
}
@article{ HubstaffBlog,
    title = {How Trello Can Be Your Secret Weapon for Agile Work.},
    author = {dnevogt},
    year = {2019},
    url = {blog.hubstaff.com/agile-trello/#:~:text=Because%20it. Accessed 22 Jan. 2021.} 
}