@manual{who2020,
  title = {ASSISTIVE PRODUCT SPECIFICATION FOR PROCUREMENT},
  author = {World Health Organization},
  year = {2020},
  url = {https://www.who.int/docs/default-source/assistive-technology-2/aps/vision/aps24-white-canes-oc-use.pdf?sfvrsn=5993e0dc_2}
}

@misc{techera2020,
  title = {Tech Era – Removing the accessibility gap},
  author = {Tech-Era},
  year = {2020},
  url = {https://techera-gh.org/}
}

@article{bolkasMartinez2017,
  title = {Effect of target color and scanning geometry on terrestrial LiDAR point-cloud noise and plane fitting},
  author = {Dimitrios Bolkas, Aaron Martinez},
  year = {2017},
  url = {https://www.researchgate.net/publication/321983652_Effect_of_target_color_and_scanning_geometry_on_terrestrial_LiDAR_point-cloud_noise_and_plane_fitting},
  journal = {ResearchGate}
}

@article{paritiTibdewalOh2020,
  title = {Intelligent Mobility Cane – Lessons Learned from Evaluation of Obstacle Notification System using a Haptic Approach},
  author = {Jagannadh Pariti, Vinita Tibdewal, Tae (Tom) Oh},
  year = {2020},
  url = {https://dl.acm.org/doi/pdf/10.1145/3334480.3375217},
  journal = {ACM Digital Library}
}

@Book{hershJohnsonKeating2008,
  author = "Marion A. Hersh, Michael A. Johnson, David Keating",
  title = "Assistive Technology for Visually Impaired and Blind People",
  publisher = "Springer London, Limited",
  edition = "1st",
  year = "2008"
}

@article{kimEmersonNaghshineh2017,
  title = {Effect of cane length and swing arc width on drop-off and obstacle detection with the long cane},
  author = {Dae Shik Kim, Robert Shawn Wall Emerson, Koorosh Naghshineh},
  year = {2017},
  url = {https://www.researchgate.net/publication/319252593_Effect_of_cane_length_and_swing_arc_width_on_drop-off_and_obstacle_detection_with_the_long_cane},
  journal = {ResearchGate}
}

@misc{reddit2021,
  title = {What do you wish sighted people know?},
  author = {Anonymous},
  year = {2021},
  url = {https://www.reddit.com/r/Blind/comments/lsxw82/what_do_you_wish_sighted_people_knew/}
}

@misc{clovernook2020,
  title = {GUIDE DOGS VS. WHITE CANES: THE COMPREHENSIVE COMPARISON},
  author = {Clovernook},
  year = {2020},
  url = {https://clovernook.org/2020/09/18/guide-dogs-vs-white-canes-the-comprehensive-comparison/},
}

@misc{rosen2014,
  title = {LONG CANE TECHNIQUES},
  author = {Sandra Rosen},
  year = {2014},
  url = {https://tech.aph.org/sbs/05_sbs_lc_review.html}
}
