@manual{who2020,
  title = {ASSISTIVE PRODUCT SPECIFICATION FOR PROCUREMENT},
  author = {World Health Organization},
  year = {2020},
  url = {https://www.who.int/docs/default-source/assistive-technology-2/aps/vision/aps24-white-canes-oc-use.pdf?sfvrsn=5993e0dc_2}
}

@misc{sugiyama2019,
  title = {Voice guidance in Maps, built for people with impaired vision},
  author = {Wakana Sugiyama},
  year = {2019},
  url = {https://blog.google/products/maps/better-maps-for-people-with-vision-impairments/}
}

@article{golledgeLoomisKlatzkyFluryYang1991,
  title = {Designing a personal guidance system to aid navigation without sight: progress on the GIS component},
  author = {Golledge, R.G., Loomis, J.M., Klatzky, R.L., Flury, A., and Yang, X.},
  year = {1991},
  journal = {Journal of Geographic Information Systems},
  url = {https://www.researchgate.net/publication/220650184_Designing_a_personal_guidance_system_to_aid_navigation_without_sight_Progress_on_the_GIS_component}
}

@misc{wewalk2020,
  title = {WeWALK | Smart Cane for Visually Impaired and Blind People},
  author = {WeWALK},
  year = {2020},
  url = {https://www2.wewalk.io/}
}

@Book{hershJohnsonKeating2008,
  author    = {Marion A. Hersh, Michael A. Johnson, David Keating},
  title     = {Assistive Technology for Visually Impaired and Blind People},
  publisher = {Springer London, Limited},
  edition   = {1st},
  year      = {2008}
}

@article{attiaBempong2020,
  title = {The White Cane. Its Effectiveness, Challenges and Suggestions for Effective Use: The Case of Akropong School for the Blind},
  author = {Isaac Attia and  Daniel Asamoah Brempong},
  year = {2020},
  url = {https://www.researchgate.net/publication/341079397_The_White_Cane_Its_Effectiveness_Challenges_and_Suggestions_for_Effective_Use_The_Case_of_Akropong_School_for_the_Blind},
  journal = {Journal of Education Society and Behavioural Science}
}

@misc{mankoffHayesKasnitz2010,
  title  = {Disability Studies as a Source of Critical Inquiry for the Field of Assistive Technology},
  booktitle  = {Proceedings of the 12th International ACM SIGACCESS Conference on Computers and Accessibility},
  author = {Jennifer Mankoff, Gillian Hayes, and Devva Kasnitz},
  year   = {2010},
  url    = {https://www.researchgate.net/publication/221652175_Disability_Studies_as_a_Source_of_Critical_Inquiry_for_the_Field_of_Assistive_Technology}
}

@article{bennettKeyes2019,
  author    = {Cynthia L. Bennett and Os Keyes},
  title     = {What is the Point of Fairness? Disability, {AI} and The Complexity of Justice},
  journal   = {CoRR},
  volume    = {abs/1908.01024},
  year      = {2019},
  url       = {http://arxiv.org/abs/1908.01024},
  archivePrefix = {arXiv},
  eprint    = {1908.01024},
  timestamp = {Fri, 09 Aug 2019 12:15:56 +0200},
  biburl    = {https://dblp.org/rec/journals/corr/abs-1908-01024.bib},
  bibsource = {dblp computer science bibliography, https://dblp.org}
}

@misc{buolamwiniGebru2018,
  author = {Joy Buolamwini and Timnit Gebru},
  title  = {Gender Shades: Intersectional Accuracy Disparities in Commercial Gender Classification},
  booktitle = {Conference on Fairness, Accountability, and Transparency},
  editor = {Sorelle A. Friedler and Christo Wilson},
  url    = {http://proceedings.mlr.press/v81/buolamwini18a/buolamwini18a.pdf},
  year   = {2018}
}